@book{NeumannWitt2010,
  author    = {Frank Neumann and Carsten Witt},
  title     = {Bioinspired Computation in Combinatorial Optimization: Algorithms and Their Computational Complexity},
  series    = {Natural Computing Series},
  year      = {2010},
  publisher = {Springer},
  doi       = {10.1007/978-3-642-16544-3}
}